@misc{Nodejs,
author = {},
title = {Node},
howpublished = {\url{https://nodejs.org/en/learn/getting-started/introduction-to-nodejs}},
month = {},
year = {2009},
note = {(Accessed on 11/12/2023)}
}

@article{da2005metodologia,
  title={Metodologia da pesquisa e elabora{\c{c}}{\~a}o de disserta{\c{c}}{\~a}o},
  author={Da Silva, Edna Lucia and Menezes, Estera Muszkat},
  journal={UFSC, Florian{\'o}polis, 4a. edi{\c{c}}{\~a}o},
  volume={123},
  year={2005}
}

@book{engenhariasw,
  title={Engenharia de software},
  author={Sommerville, I.},
  isbn={9788579361081},
  url={https://books.google.com.br/books?id=H4u5ygAACAAJ},
  year={2011},
  publisher={Pearson Prentice Hall},
  note = {(Accessed on 11/12/2023)}
}



@book{pereira2014aplicações,
  title={web real-time com Node.js},
  author={Pereira, C.R.},
  isbn={9788566250930},
  url={https://books.google.com.br/books?id=Wm-CCwAAQBAJ},
  year={2014},
  publisher={Casa do C{\'o}digo}
}

@misc{passport84,
author = {},
title = {passport-local},
howpublished = {\url{https://www.passportjs.org/packages/passport-local/}},
month = {},
year = {2014},
note = {(Accessed on 11/12/2023)}
}

@misc{segurancaeauth,
author = {Lucas Souza Montanheiro,Ana Maria Martins Carvalho,Jackson Alves Rodrigues},
title = {Utilização de JSON Web Token na Autenticação de Usuários
em APIs REST},
howpublished = {\url{https://www.enacomp.com.br/2017/docs/json_web_token_api_rest.pdf}},
month = {},
year = {2017},
note = {(Accessed on 11/12/2023)}
}

@mastersthesis{sglppa,
  title={Sistema de gerenciamento de licen{\c{c}}as de posse e porte de armas de fogo},
  author={Sartori, Lucas Antonio Ramos},
  type={{B.S.} thesis},
  year={2018},
  school={Universidade Tecnol{\'o}gica Federal do Paran{\'a}}
}

@misc{taf,
author = {Gabriela da Silva Machado},
title = {TAF - Teste de Aptidão Física da Brigada Militar do Rio
Grande do Sul },
howpublished = {},
month = {},
year = {2018},
note = {(Accessed on 11/12/2023)}
}
@misc{crpg,
author = {ALLAN FRANCIS DE PAULA, JEAN PAUL FLEISCHMANN RAMLOW},
title = {APLICATIVO WEB PARA PESSOAS FÍSICAS INTITULADAS ATIRADORES, COLECIONADORES, CAÇADORES E CIDADÃO COMUM QUE UTILIZAM PRODUTO CONTROLADO PELO EXÉRCITO BRASILEIRO E POLÍCIA FEDERAL },
howpublished = {\url{https://educapes.capes.gov.br/handle/capes/661369?mode=full}},
month = {},
year = {2015},
note = {(Accessed on 11/12/2023)}
}

@misc{ReactMet54,
author = {{Meta Open Source}},
title = {React - {Meta Open Source}},
howpublished = {\url{https://opensource.fb.com/projects/react/}},
month = {},
year = {2013},
note = {(Accessed on 11/12/2023)}
}

@misc{aplicacoesWeb,
author = {EDUARDO AUGUSTO GALHARDI},
title = {Tema: Aplicações e Serviços WEB},
howpublished = {\url{https://adelpha-api.mackenzie.br/server/api/core/bitstreams/01b5cabe-cd0c-4221-82a7-5e1521e3685b/content}},
month = {},
year = {2009},
note = {(Accessed on 11/11/2023)}
}

@article{maldonado2002padroes,
  title={Padr{\~o}es e frameworks de software},
  author={Maldonado, Jos{\'e} Carlos e Braga, Rosana Teresinha Vaccare e Germano, Fern{\~a}o Stella Rodrigues e Masiero, Paulo Cesar},
  journal={Notas Did{\'a}ticas, Instituto de Ci{\^e}ncias Matem{\'a}ticas e de Computa{\c{c}}{\~a}o da Universidade de S{\~a}o Paulo, ICMC/USP, S{\~a}o Paulo, SP, Brasil},
  pages={28},
  year={2002}
}

@book{engsoftmoderna,
  title     = {Engenharia de Software Moderna: Princípios e Práticas para Desenvolvimento de Software com Produtividade},
  author    = {Marco Tulio Valente},
  year      = {2020},
  publisher = {Editora: Independente}
}

@misc{RedesP2P67:online,
author = {},
title = {Redes P2P},
howpublished = {\url{https://www.gta.ufrj.br/ensino/eel878/redes1-2016-1/16_1/p2p/modelo.html}},
month = {},
year = {2016},
note = {(Accessed on 11/11/2023)}
}

@misc{arqClientServer2,
author = {Henrique Eduardo Machado de Oliveira },
title = {Aplicativo Cliente-Servidor multicamadas 
para controle de uma rede de lojas via WEB 
utilizando Java},
howpublished = {\url{https://repositorio.ufsc.br/bitstream/handle/123456789/183897/tcc_Henrique_Oliveira.pdf?sequence=-1&isAllowed=y}},
month = {},
year = {2003},
note = {(Accessed on 11/11/2023)}
}

@misc{arqClientServer,
author = {Ilton Medeiros da Cruz },
title = {Fundamentos da Arquitetura Cliente/Servidor | Ilton Medeiros da Cruz - Academia.edu},
howpublished = {\url{https://www.academia.edu/8212738/Fundamentos_da_Arquitetura_Cliente_Servidor}},
month = {},
year = {},
note = {(Accessed on 11/11/2023)}
}

@misc{padroesProjeto,
author = {Roberto Tenorio Figueiredo},
title = {Padrões de Projeto GOF aplicados ao 
Desenvolvimento de Jogos Eletrônicos},
howpublished = {\url{	https://repositorio.ufpe.br/handle/123456789/11981}},
month = {},
year = {2014},
note = {(Accessed on 11/11/2023)}
}
@book{flanagan2012javascript,
  title={JavaScript: o guia definitivo},
  author={Flanagan, David},
  year={2012},
  publisher={Bookman Editora}
}
@misc{mozillaJavaScript,
	author = {MDN},
	title = {JavaScript, MDN},
	howpublished = {\url{https://developer.mozilla.org/pt-BR/docs/Web/JavaScript}},
	year = {},
	note = {[Accessed 11-11-2023]},
}


@misc{inDECRETO9847,
	author = {Imprensa Nacional},
	title = {{D}{E}{C}{R}{E}{T}{O} {N}º 9.847, {D}{E} 25 {D}{E} {J}{U}{N}{H}{O} {D}{E} 2019 - {D}{O}{U} - {I}mprensa {N}acional --- in.gov.br},
	howpublished = {\url{https://www.in.gov.br/en/web/dou/-/decreto-n-9847-de-25-de-junho-de-2019-172805974}},
	year = {},
	note = {[Accessed 11-11-2023]},
}

@misc{sbtnewsExxE9rcitoPolxEDcia,
	author = {},
	title = {{E}x\&#x{E}9;rcito e {P}ol\&#x{E}{D};cia {F}ederal come\&#x{E}7;am integra\&#x{E}7;\&#x{E}3;o dos sistemas de armas - {S}{B}{T} {N}ews --- sbtnews.com.br},
	howpublished = {\url{https://www.sbtnews.com.br/noticia/brasil/190555-exercito-e-policia-federal-comecam-integracao-dos-sistemas-de-armas}},
	year = {},
	note = {[Accessed 11-11-2023]},
}


@misc{fenemeReunixE3oSobre,
	author = {feneme},
	title = {Reunião sobre o sistema de gerenciamento militar de armas --- feneme.org.br},
	howpublished = {\url{https://www.feneme.org.br/reuniao-sobre-o-sigma-sistema-de-gerenciamento-militar-de-armas/}},
	year = {2007},
	note = {[Accessed 11-11-2023]},
}

@misc{shotEntendaSinarm,
	author = {Fernando Carada},
	title = {{E}ntenda o que é {S}inarm e {S}igma - {S}{H}{O}{T} {A}ssessoria e {R}egistros --- shot.net.br},
	howpublished = {\url{https://shot.net.br/entenda-o-que-e-sinarm-e-sigma/}},
	year = {2019},
	note = {[Accessed 11-11-2023]},
}

@book{pereira2014aplicaccoes,
  title={Aplica{\c{c}}{\~o}es web real-time com Node. js},
  author={Pereira, Caio Ribeiro},
  year={2014},
  publisher={Editora Casa do C{\'o}digo}
}

@misc{amazonAplicaoWeb,
	author = {AWS},
	title = {O que é uma aplicação Web? – Explicação sobre aplicações Web},
	howpublished = {url{https://aws.amazon.com/pt/what-is/web-application/}},
	year = {},
	note = {[Accessed 09-11-2023]},
	url = {https://aws.amazon.com/pt/what-is/web-application/},
}


@article{loscio2011nosql,
  title={NoSQL no desenvolvimento de aplica{\c{c}}{\~o}es Web colaborativas},
  author={L{\'o}scio, Bernadette Farias and OLIVEIRA, HR de and PONTES, JC de S},
  journal={VIII Simp{\'o}sio Brasileiro de Sistemas Colaborativos},
  volume={10},
  number={1},
  pages={11},
  year={2011},
  publisher={sn}
}

@article{bitencourt2016elicitaccao,
  title={Elicita{\c{c}}ao de requisitos a partir de modelos de processos de neg{\'o}cio em bpmn: Uma revisao sistem{\'a}tica},
  author={Bitencourt, Aryslene S and Paiva, D{\'e}bora Maria B and Cagnin, Maria Istela},
  journal={Anais Do XII Simp{\'o}sio Brasileiro de Sistemas de Informa{\c{c}}{\~a}o},
  pages={200--207},
  year={2016},
  publisher={SBC}
}

@article{davila2008inovaccao,
  title={Inova{\c{c}}{\~a}o e Gerenciamento de Processos: Uma an{\'a}lise baseada na Gest{\~a}o do Conhecimento},
  author={D{\'A}VILA, Guilhermo Ant{\^o}nio and Leoc{\'a}dio, Leonardo and Varvakis, Greg{\'o}rio},
  journal={DataGramaZero-Revista de Ci{\^e}ncia da Informa{\c{c}}{\~a}o},
  volume={9},
  number={3},
  year={2008}
}


@misc{ebInstrucaoAdministrativa,
	author = {MINISTÉRIO DA DEFESA  {{INSTRUÇÃO TECNICO-ADMINISTRATIVA Nº 23-DFPC}}},
	title = {{Instrução Técnico-Administrativa nº 23-DFPC, de 16 de dezembro de 2019}},
	howpublished = {\url{http://www.sgex.eb.mil.br/sg8/006_outras_publicacoes/07_publicacoes_diversas/06_comando_logistico/ita_n_023_colog_16dez2019.html}},
	year = {2019},
	note = {[Accessed 09-11-2023]},
}

@misc{bmDepartamentoAdministrativo,
	author = {BMRS},
	title = {{D}epartamento {A}dministrativo --- bm.rs.gov.br},
	howpublished = {\url{https://www.bm.rs.gov.br/administrativo}},
	year = {2023},
	note = {[Accessed 07-11-2023]},
}

@misc{ExércitoBrasileiro,
	author = {MINISTÉRIO DA DEFESA  {{EXÉRCITO BRASILEIRO}}},
	title = {PORTARIA Nº136 - COLOG, DE 08 NOVEMBRO DE 2019},
	howpublished = {\url{http://www.dfpc.eb.mil.br/images/Portarian136.pdf}},
	year = {2019},
	note = {[Accessed 06-11-2023]},
}

@misc{AndradeJunior,
	author={De Andrade Junior, Luiz Roberto},
	Publisher = {Centro de Documenta{\c c}{\~a}o e Dissemina{\c c}{\~a}o de Informa{\c c}{\~o}es. Funda{\c c}{\~a}o Intituto Brasileiro de Geografia e Estat{\'\i}stica},
	Title = {Automação de Processos Manuais},
	Urlaccessdate = {21 ago 2023},
	Year = {2020},
	Url = {https://repositorio.animaeducacao.com.br/handle/ANIMA/16203},
	journal={RUNA - Repositório Universitário da Ânima: Página inicial}}
